<record><leader>00000cas a22000007a 4500</leader><controlfield tag="001">21390517</controlfield><controlfield tag="008">900418d19721990mouwr ne      0    0eng d</controlfield><datafield ind1=" " ind2=" " tag="010"><subfield code="a">sn 90061386 </subfield></datafield><datafield ind1=" " ind2=" " tag="040"><subfield code="a">MQN</subfield><subfield code="b">eng</subfield><subfield code="c">MQN</subfield><subfield code="d">OCLCQ</subfield></datafield><datafield ind1=" " ind2=" " tag="042"><subfield code="a">msc</subfield></datafield><datafield ind1="0" ind2="0" tag="245"><subfield code="a">Ozark beacon.</subfield></datafield><datafield ind1=" " ind2=" " tag="260"><subfield code="a">Poplar Bluff, Mo. :</subfield><subfield code="b">Desmond Becker,</subfield><subfield code="c">1972-</subfield></datafield><datafield ind1=" " ind2=" " tag="300"><subfield code="a">v.</subfield></datafield><datafield ind1=" " ind2=" " tag="310"><subfield code="a">Weekly</subfield></datafield><datafield ind1="0" ind2=" " tag="362"><subfield code="a">Vol. 1, no. 1 (Sept. 20, 1972)-</subfield></datafield><datafield ind1="1" ind2=" " tag="362"><subfield code="a">Ceased Oct. 17, 1990?</subfield></datafield><datafield ind1=" " ind2=" " tag="752"><subfield code="a">United States</subfield><subfield code="b">Missouri</subfield><subfield code="c">Butler</subfield><subfield code="d">Poplar Bluff.</subfield></datafield></record>